@inproceedings{
  Baruah:2005,
  author={Sanjoy Baruah},
  booktitle={17th Euromicro Conference on Real-Time Systems (ECRTS'05)},
  title={The limited-preemption uniprocessor scheduling of sporadic task systems},
  year={2005},
  volume={},
  number={},
  pages={137-144},
  doi={10.1109/ECRTS.2005.32},
  ISSN={1068-3070},
  month={July},
}

@article{
  Bertogna:2010,
  author={M. Bertogna and S. Baruah},
  journal={IEEE Transactions on Industrial Informatics},
  title={Limited Preemption EDF Scheduling of Sporadic Task Systems},
  year={2010},
  volume={6},
  number={4},
  pages={579-591},
  doi={10.1109/TII.2010.2049654},
  ISSN={1551-3203},
  month={Nov}
}

@inproceedings{
  Tessler:2016,
  author={C. Tessler and N. Fisher},
  booktitle={2016 IEEE Real-Time Systems Symposium (RTSS)},
  title={BUNDLE: Real-Time Multi-threaded Scheduling to Reduce Cache
    Contention},
  year={2016},
  volume={},
  number={},
  pages={279-290},
  doi={10.1109/RTSS.2016.035},
  ISSN={},
  month={Nov},
}

@inproceedings{
  Tessler:2018,
  author={C. Tessler and N. Fisher},
  booktitle={2018 IEEE Real-Time Systems Symposium (RTSS)},
  title={BUNDLEP: Prioritizing Conflict Free Regions in Multi-threaded
    Programs to Improve Cache Reuse},
  year={2018},
  volume={},
  number={},
  pages={325-337},
  doi={10.1109/RTSS.2018.00048},
  ISSN={2576-3172},
  month={Dec},
}

@inproceedings{
  Bini:2004,
  author={E. Bini and G. C. Buttazzo},
  booktitle={Proceedings. 16th Euromicro Conference on Real-Time Systems,
    2004. ECRTS 2004.},
  title={Biasing effects in schedulability measures},
  year={2004},
  volume={},
  number={},
  pages={196-203},
  doi={10.1109/EMRTS.2004.1311021},
  ISSN={1068-3070},
  month={July},
}

@article{
  Tessler:2018b,
  author = {Corey Tessler and Nathan Fisher},
  title = {{BUNDLEP:} Prioritizing Conflict Free Regions in Multi-Threaded
      Programs to Improve Cache Reuse - Extended Results and Technical Report},
  journal   = {CoRR},
  volume    = {abs/1805.12041},
  year      = {2018},
  url       = {http://arxiv.org/abs/1805.12041},
  archivePrefix = {arXiv},
  eprint    = {1805.12041},
  timestamp = {Mon, 13 Aug 2018 16:46:10 +0200},
  biburl    = {https://dblp.org/rec/bib/journals/corr/abs-1805-12041},
  bibsource = {dblp computer science bibliography, https://dblp.org}
}

@article{
  Lee:1998,
  author    = {C.-G. Lee and J. Hahn and S.L. Min and R. Ha and
                 S. Hong and C.Y. Park and M. Lee and C.S. Kim}, 
  title     = {Analysis of cache-related preemption delay in
                 fixed-priority preemptive scheduling}, 
  journal   = {IEEE Transactions on Computers},
  volume    = 47,
  number    = 6,
  pages     = "700-713",
  year      = 1998
}

@inproceedings{
  Tomiyama:2000,
  author    = {H. Tomiyama and N. D. Dutt},
  title     = {Program Path Analysis to Bound Cache-Related
                 Preemption Delay in Preemptive Real-Time Systems}, 
  booktitle   = {Proceedings of the Eighth International Workshop on
                 Hardware/Software Codesign (CODES)}, 
  year      = 2000
}

@inproceedings{
  Altmeyer:2011,
  author={S. Altmeyer and R. I. Davis and C. Maiza},
  booktitle={IEEE Real-Time Systems Symposium},
  title={Cache Related Pre-emption Delay Aware Response Time Analysis
  for Fixed Priority Pre-emptive Systems},
  year={2011},
  volume={},
  number={},
  pages={261-271},
  doi={10.1109/RTSS.2011.31},
  ISSN={1052-8725},
  month={Nov},
}

@article{
  Altmeyer:2011b,
  author = {Altmeyer, Sebastian and Maiza Burgui\`{e}re, Claire},
  title = {Cache-related Preemption Delay via Useful Cache Blocks:
  Survey and Redefinition},
  journal = {Journal of Systems Architecture},
  issue_date = {August, 2011},
  volume = {57},
  number = {7},
  month = aug,
  year = {2011},
  issn = {1383-7621},
  pages = {707--719},
  numpages = {13},
  doi = {10.1016/j.sysarc.2010.08.006},
}

@article{
  Altmeyer:2012,
  author    = {S. Altmeyer and R. Davis and C. Maiza},
  title     = {Improved cache related pre-emption delay aware
                 response time analysis for fixed priority
                 pre-emptive systems}, 
  journal   = {Real Time Systems},
  volume    = {48},
  number    = {5},
  year      = 2012
}



@inproceedings{
  Negi:2003,
  author    = {H. S. Negi and T. Mitra and A. Roychoudhury},
  title     = {Accurate Estimation of Cache Related Preemption Delay},
  booktitle   = {Proceedings of IEEE/ACM/IFIP International Conference on
      Hardware/ Software Codesign and Systems Synthesis (CODES)},
  year      = 2003
}

@inproceedings{
  Tan:2004,
  author    = {Y. Tan and V. Mooney},
  title     = {Integrated intra- and inter-task cache analysis for
                 preemptive multi-tasking real-time systems}, 
  booktitle   = {Proceedings of International Workshop on Software
                 and Compilers for Embedded Systems (SCOPES)}, 
  year      = 2004
}

@article{
  Staschulat:2005,
  author    = {J. Staschulat and R. Ernst},
  title     = {Scalable Precision Cache Analysis for Real-Time Software},
  journal   = {ACM Transactions on Embedded Computing Systems (TECS)},
  volume    = 6,
  number    = 4,
  month     = {September},
  year      = 2005
}

@INBOOK{
  Burns:1995,
  author =       {A. Burns},
  editor =       {Sang H. Son},
  title =        {Advances in Real-Time Systems},
  chapter =      {Preemptive priority-based scheduling: an appropriate
                  engineering approach}, 
  pages =        {225--248},
  publisher =    {Prentice Hall, Inc.},
  year =         {1995},
}

@inproceedings{
  Wang:1999,
  author    = {Y. Wang and M. Saksena},
  title     = {Scheduling fixed-priority tasks with preemption threshold},
  booktitle   = {Proceedings of the International Conference on Real
                 Time Computing Systems and Applications}, 
  year      = 1999
}

@inproceedings{
  Marinho:2012,
  author    = {J. M. Marinho and V. Nelis and S.M. Petters and I. Puaut},
  title     = {An Improved Preemption Delay Upper Bound for Floating
                 Non-preemptive Region}, 
  booktitle   = {Proceedings of {IEEE} International Symposium on
                 Industrial Embedded Systems}, 
  year      = 2012
}

@inproceedings{
  Simonson:1995,
  author    = {J. Simonson and J.H. Patel},
  title     = {Use of preferred preemption points in cache based
                  real-time systems}, 
  booktitle   = {Proceedings of {IEEE} International Computer
                  Performance and Dependability Symposium}, 
  year      = 1995,
}

@article{
  Bril:2017,
  author={R. Bril and S. Altmeyer and M. van den Heuvel and R. Davis
                  and M. Behnam}, 
  title={Fixed priority scheduling with pre-emption thresholds and
                  cache-related pre-emption delays: integrated
                  analysis and evaluation}, 
  journal="Real-Time Systems",
  year="2017",
  month="July",
  volume="53",
  number="4",
  pages="403--466",
}

@INPROCEEDINGS{
Bertogna:2011,
  author={M. Bertogna and O. Xhani and M. Marinoni and F. Esposito and
		    G. Buttazzo}, 
  booktitle={Proceedings of the Euromicro Conference on Real-Time
		    Systems}, 
  title={Optimal Selection of Preemption Points to Minimize Preemption
		    Overhead}, 
  year={2011},
  volume={},
  number={},
  pages={217-227},
  doi={10.1109/ECRTS.2011.28},
  ISSN={2377-5998},
  month={July},
}

@inproceedings{
  Peng:2014,
  author    = {B. Peng and N. Fisher and M. Bertogna},
  title     = {Explicit Preemption Placement for Real-Time Conditional
                  Code}, 
  booktitle   = {Proceedings of Euromicro Conference on Real-Time
                  Systems}, 
  year      = 2014
}

@inproceedings{
  Cavicchio:2015,
  author    = {J. Cavicchio and C. Tessler and N. Fisher},
  title     = {Minimizing Cache Overhead via Loaded Cache Blocks and
                  Preemption Placement}, 
  booktitle   = {Proceedings of the Euromicro Conference on Real-Time
                  Systems}, 
  year      = 2015
}

@inproceedings{
  Bak:2012,
  author={S. Bak and G. Yao and R. Pellizzoni and M. Caccamo},
  booktitle={IEEE International Conference on Embedded and Real-Time
  Computing Systems and Applications},
  title={Memory-Aware Scheduling of Multicore Task Sets for Real-Time
  Systems},
  year={2012},
  volume={},
  number={},
  pages={300-309},
  doi={10.1109/RTCSA.2012.48},
  ISSN={2325-1271},
  month={Aug},
}

@inproceedings{
  Pellizzoni:2011,
  author={R. Pellizzoni and E. Betti and S. Bak and G. Yao and J.
  Criswell and M. Caccamo and R. Kegley},
  booktitle={IEEE Real-Time and Embedded Technology and
  Applications Symposium},
  title={A Predictable Execution Model for COTS-Based Embedded Systems},
  year={2011},
  volume={},
  number={},
  pages={269-279},
  doi={10.1109/RTAS.2011.33},
  ISSN={1545-3421},
  month={April},
}

@inproceedings{
  Ward:2013,
  author={B. C. Ward and J. L. Herman and C. J. Kenna and
  J. H. Anderson},
  booktitle={Euromicro Conference on Real-Time Systems},
  title={Making Shared Caches More Predictable on Multicore Platforms},
  year={2013},
  volume={},
  number={},
  pages={157-167},
  doi={10.1109/ECRTS.2013.26},
  ISSN={1068-3070},
  month={July},
}

% Calindrino Thesis
@phdthesis{
	Calandrino:2009,
	author = {Calandrino, John Michael},
	advisor = {Anderson, James H.},
	title = {On the Design and Implementation of a Cache-aware
                  Soft Real-time Scheduler for Multicore Platforms},
	year = {2009},
	isbn = {978-1-109-27503-2},
	publisher = {University of North Carolina at Chapel Hill},
	address = {Chapel Hill, NC, USA},
}

@article{Liu:1973,
 author = {Liu, C. L. and Layland, James W.},
 title = {Scheduling Algorithms for Multiprogramming in a Hard-Real-Time Environment},
 journal = {J. ACM},
 issue_date = {Jan. 1973},
 volume = {20},
 number = {1},
 month = jan,
 year = {1973},
 issn = {0004-5411},
 pages = {46--61},
 numpages = {16},
 url = {http://doi.acm.org/10.1145/321738.321743},
 doi = {10.1145/321738.321743},
 acmid = {321743},
 publisher = {ACM},
 address = {New York, NY, USA},
}

@INPROCEEDINGS{
Baruah:1990,
author={S. K. Baruah and A. K. Mok and L. E. Rosier},
booktitle={[1990] Proceedings 11th Real-Time Systems Symposium},
title={Preemptively scheduling hard-real-time sporadic tasks on one processor},
year={1990},
volume={},
number={},
pages={182-190},
keywords={operating systems (computers);real-time systems;resource allocation;scheduling;preemptively scheduling hard-real-time sporadic tasks;necessary and sufficient conditions;pseudo-polynomial time;Processor scheduling;System testing;Signal processing algorithms;Scheduling algorithm;Signal processing;Sufficient conditions;Sensor phenomena and characterization;Sensor systems;Signal sampling},
doi={10.1109/REAL.1990.128746},
ISSN={},
month={Dec},}

@techreport{
  George:1996,
  TITLE = {{Preemptive and Non-Preemptive Real-Time UniProcessor Scheduling}},
  AUTHOR = {George, Laurent and Rivierre, Nicolas and Spuri, Marco},
  URL = {https://hal.inria.fr/inria-00073732},
  NOTE = {Projet REFLECS},
  TYPE = {Research Report},
  NUMBER = {RR-2966},
  INSTITUTION = {{INRIA}},
  YEAR = {1996},
  KEYWORDS = {SCHEDULING ; WORST-CASE RESPONSE TIMES ; PREEMPTIVE ; REAL-TIME ; NON-PREEMP TIVE ; OPTIMALITY ; EDF ; FEASIBILITY ; FIXED PRIORITIES ; NON-IDLING ; DYNAMIC PRIORITIES},
  PDF = {https://hal.inria.fr/inria-00073732/file/RR-2966.pdf},
  HAL_ID = {inria-00073732},
  HAL_VERSION = {v1},
}

@book{
  Buttazzo:2011,
  author = {Buttazzo, Giorgio C.},
  title = {Hard Real-Time Computing Systems: Predictable Scheduling
                  Algorithms and Applications},
  year = {2011},
  isbn = {1461406757, 9781461406754},
  edition = {3rd},
  publisher = {Springer Publishing Company, Incorporated},
} 

@article{
  Wilhelm:2008,
  author = {Wilhelm, Reinhard and Engblom, Jakob and Ermedahl, Andreas
                  and Holsti, Niklas and Thesing, Stephan and Whalley,
                  David and Bernat, Guillem and Ferdinand, Christian
                  and Heckmann, Reinhold and Mitra, Tulika and
                  Mueller, Frank and Puaut, Isabelle and Puschner,
                  Peter and Staschulat, Jan and Stenstr\"{o}m, Per}, 
  title = {The Worst-case Execution-time Problem -- Overview of
                  Methods and Survey of Tools}, 
  journal = {ACM Trans. Embed. Comput. Syst.},
  issue_date = {April 2008},
  volume = {7},
  number = {3},
  month = may,
  year = {2008},
  issn = {1539-9087},
  pages = {36:1--36:53},
  articleno = {36},
  numpages = {53},
  url = {http://doi.acm.org/10.1145/1347375.1347389},
  doi = {10.1145/1347375.1347389},
  acmid = {1347389},
  publisher = {ACM},
  address = {New York, NY, USA},
  keywords = {Hard real time, worst-case execution times},
} 

@Article{
  Theiling:2000,
  author="Theiling, Henrik
  and Ferdinand, Christian
  and Wilhelm, Reinhard",
  title="Fast and Precise WCET Prediction by Separated Cache and Path Analyses",
  journal="Real-Time Systems",
  year="2000",
  month="May",
  day="01",
  volume="18",
  number="2",
  pages="157--179",
  abstract="Precise run-time prediction suffers from a complexity problem when doing an integrated analysis. This problem is characterised by the conflict between an optimal solution and the complexity of the computation of the solution.",
  issn="1573-1383",
  doi="10.1023/A:1008141130870",
  url="https://doi.org/10.1023/A:1008141130870"
}

@inproceedings{
	Gustafsson:2010,
	author = {Jan Gustafsson and Adam Betts and Andreas Ermedahl and
	Bj{\"o}rn Lisper},
	title = {{The M{\"a}lardalen WCET Benchmarks: Past, Present And
	Future}},
	booktitle = {International Workshop on Worst-Case Execution
	Time Analysis},
	pages = {136--146},
	ISBN = {978-3-939897-21-7},
	ISSN = {2190-6807},
	year = {2010},
	volume = {15},
	publisher = {Schloss Dagstuhl--Leibniz-Zentrum fuer Informatik},
	address = {Dagstuhl, Germany},
}

@article{
        NPM-Artifact:2019,
	author = {Corey Tessler},
	title = {\texttt{NPM-BUNDLE} Artifacts},
	year = {2019},
	url = {http://www.cs.wayne.edu/~fh3227/npm-bundle/}

}
